<record><leader>00000cas a22000007a 4500</leader><controlfield tag="001">18729825</controlfield><controlfield tag="008">881109d18981955ctuwr ne      0    0eng d</controlfield><datafield ind1=" " ind2=" " tag="010"><subfield code="a">sn 88074853 </subfield></datafield><datafield ind1=" " ind2=" " tag="040"><subfield code="a">NYS</subfield><subfield code="b">eng</subfield><subfield code="c">NYS</subfield><subfield code="d">CNW</subfield><subfield code="d">OCLCQ</subfield><subfield code="d">OCLCF</subfield><subfield code="d">OCLCO</subfield></datafield><datafield ind1=" " ind2=" " tag="042"><subfield code="a">msc</subfield></datafield><datafield ind1=" " ind2=" " tag="043"><subfield code="a">n-us-ct</subfield></datafield><datafield ind1="0" ind2="0" tag="245"><subfield code="a">Westporter-herald.</subfield></datafield><datafield ind1="3" ind2="0" tag="246"><subfield code="a">Twice-a-week Westporter-herald</subfield></datafield><datafield ind1=" " ind2=" " tag="260"><subfield code="a">Westport, Conn. :</subfield><subfield code="b">John S. Jones</subfield></datafield><datafield ind1=" " ind2=" " tag="300"><subfield code="a">v.</subfield></datafield><datafield ind1=" " ind2=" " tag="310"><subfield code="a">Weekly,</subfield><subfield code="b">June 26, 1952-1955</subfield></datafield><datafield ind1=" " ind2=" " tag="321"><subfield code="a">Semiweekly,</subfield><subfield code="b">Feb. 19, 1898-&lt;1900&gt;</subfield></datafield><datafield ind1=" " ind2=" " tag="321"><subfield code="a">Weekly,</subfield><subfield code="b">&lt;1916&gt;</subfield></datafield><datafield ind1=" " ind2=" " tag="321"><subfield code="a">Semiweekly,</subfield><subfield code="b">May 12, 1936-Dec. 1943</subfield></datafield><datafield ind1=" " ind2=" " tag="321"><subfield code="a">Weekly,</subfield><subfield code="b">Jan, 1944-Nov. 1, 1951</subfield></datafield><datafield ind1=" " ind2=" " tag="321"><subfield code="a">Semiweekly,</subfield><subfield code="b">Nov. 6, 1951-June 24, 1952</subfield></datafield><datafield ind1="0" ind2=" " tag="362"><subfield code="a">Vol. 28, no. 14 (Feb. 19, 1898)-v. 72, no. 80 (Oct. 28, 1943) ; 76th year, no. 81 (Nov. 2, 1943)-89th year, no. 15 (Apr. 14, 1955).</subfield></datafield><datafield ind1=" " ind2=" " tag="500"><subfield code="a">At head of title: Twice-a-week, July 30, 1937-Dec. 14, 1943.</subfield></datafield><datafield ind1=" " ind2=" " tag="500"><subfield code="a">Published by: W.S. Jones, &lt;1916&gt;.</subfield></datafield><datafield ind1=" " ind2=" " tag="515"><subfield code="a">Issues for &lt;May 12, 1936&gt;-Dec. 26, 1940 also called: 63rd year-66th year.</subfield></datafield><datafield ind1=" " ind2=" " tag="530"><subfield code="a">Also issued on microfilm from the Connecticut State Library, Hartford, Conn.</subfield></datafield><datafield ind1=" " ind2=" " tag="580"><subfield code="a">"With which [is] combined the Westport advertiser."</subfield></datafield><datafield ind1=" " ind2=" " tag="588"><subfield code="a">Latest issue consulted: Vol. 43, no. 25 (June 23, 1916).</subfield></datafield><datafield ind1=" " ind2="0" tag="651"><subfield code="a">Westport (Conn.)</subfield><subfield code="v">Newspapers.</subfield></datafield><datafield ind1=" " ind2="7" tag="655"><subfield code="a">Newspapers.</subfield><subfield code="2">fast</subfield><subfield code="0">(OCoLC)fst01423814</subfield></datafield><datafield ind1=" " ind2="7" tag="651"><subfield code="a">Connecticut</subfield><subfield code="z">Westport.</subfield><subfield code="2">fast</subfield><subfield code="0">(OCoLC)fst01306578</subfield></datafield><datafield ind1=" " ind2=" " tag="752"><subfield code="a">United States</subfield><subfield code="b">Connecticut</subfield><subfield code="c">Fairfield</subfield><subfield code="d">Westport.</subfield></datafield><datafield ind1="0" ind2="0" tag="780"><subfield code="t">Westporter and the Saugatuck herald</subfield><subfield code="w">(DLC)sn 92051332</subfield></datafield><datafield ind1="0" ind2="7" tag="785"><subfield code="t">Westport town crier</subfield><subfield code="w">(DLC)sn 92051326</subfield></datafield><datafield ind1="0" ind2="7" tag="785"><subfield code="t">Westport town crier and the Westporter-herald</subfield><subfield code="w">(DLC)sn 92051327</subfield></datafield><datafield ind1="1" ind2=" " tag="787"><subfield code="t">Westport advertiser</subfield><subfield code="w">(DLC)sn 84027723</subfield><subfield code="w">(OCoLC)11487911</subfield></datafield></record>